<record><leader>00000cas a2200000 a 4500</leader><controlfield tag="001">11195683</controlfield><controlfield tag="008">840925d18641870caudn ne      0    0eng c</controlfield><datafield ind1=" " ind2=" " tag="010"><subfield code="a">sn 84031637 </subfield></datafield><datafield ind1=" " ind2=" " tag="040"><subfield code="a">NYG</subfield><subfield code="b">eng</subfield><subfield code="c">NYG</subfield><subfield code="d">CNK</subfield><subfield code="d">OCL</subfield><subfield code="d">NYG</subfield><subfield code="d">CNK</subfield><subfield code="d">OCLCQ</subfield><subfield code="d">OCLCF</subfield><subfield code="d">OCLCO</subfield></datafield><datafield ind1="1" ind2=" " tag="029"><subfield code="a">AU@</subfield><subfield code="b">000020232489</subfield></datafield><datafield ind1=" " ind2=" " tag="042"><subfield code="a">pcc</subfield></datafield><datafield ind1=" " ind2=" " tag="043"><subfield code="a">n-us-ca</subfield></datafield><datafield ind1="0" ind2="0" tag="245"><subfield code="a">Nevada daily gazette.</subfield></datafield><datafield ind1=" " ind2=" " tag="260"><subfield code="a">Nevada [i.e. Nevada City], Calif. :</subfield><subfield code="b">Nevada Gazette Co.</subfield></datafield><datafield ind1=" " ind2=" " tag="300"><subfield code="a">v. :</subfield><subfield code="b">ill. (chiefly advertisements) ;</subfield><subfield code="c">54 cm.</subfield></datafield><datafield ind1=" " ind2=" " tag="310"><subfield code="a">Daily (except Sun.)</subfield></datafield><datafield ind1="0" ind2=" " tag="362"><subfield code="a">Vol. 1, no. 1 (Mar. 9, 1864)-v. 13, no. 1874 (Apr. 1, 1870).</subfield></datafield><datafield ind1=" " ind2=" " tag="530"><subfield code="a">Master negatives are available for duplication from:</subfield><subfield code="b">California Newspaper Microfilm Archive;</subfield><subfield code="c">positive copies may be purchased by the reel; for further information consult the CNMA at:</subfield><subfield code="u">http://cbsr.ucr.edu</subfield></datafield><datafield ind1=" " ind2="0" tag="651"><subfield code="a">Nevada City (Calif.)</subfield><subfield code="v">Newspapers.</subfield></datafield><datafield ind1=" " ind2="7" tag="655"><subfield code="a">Newspapers.</subfield><subfield code="2">fast</subfield><subfield code="0">(OCoLC)fst01423814</subfield></datafield><datafield ind1=" " ind2="7" tag="651"><subfield code="a">California</subfield><subfield code="z">Nevada City.</subfield><subfield code="2">fast</subfield><subfield code="0">(OCoLC)fst01209328</subfield></datafield><datafield ind1=" " ind2=" " tag="752"><subfield code="a">United States</subfield><subfield code="b">California</subfield><subfield code="c">Nevada</subfield><subfield code="d">Nevada City.</subfield></datafield><datafield ind1="0" ind2=" " tag="775"><subfield code="t">Nevada weekly gazette (Nevada City, Calif. : 1867)</subfield><subfield code="w">(DLC)sn 93052155</subfield></datafield><datafield ind1="0" ind2="7" tag="785"><subfield code="t">Daily national (Grass Valley, Calif.)</subfield><subfield code="w">(DLC)sn 87067093</subfield></datafield><datafield ind1="0" ind2="7" tag="785"><subfield code="t">Daily national gazette</subfield><subfield code="w">(DLC)sn 94051077</subfield></datafield></record>